1747 3112
331 181 1096 251 PRAEFATIO.
1294 182 1376 246 vii

57 328 219 402 nin0‚
235 320 349 385 alia
367 344 444 384 ex
466 334 631 408 parte
648 329 1224 405 praeoccupaverant,
1239 330 1376 380 tum

56 433 260 498 Editio
291 430 631 503 Albertina,
682 444 754 490 ut
790 424 1074 502 diximUS,
1125 439 1261 487 tum
1289 424 1377 488 sui

55 539 236 628 ipfius
263 556 323 602 et
357 539 611 601 aliorum
649 537 713 598 in
743 534 944 597 lucem
989 532 1206 596 emiffae
1237 536 1375 597 Cri-

52 650 185 711 ticae
216 646 710 712 Lucubrationes.
760 641 949 706 Haud
981 640 1238 704 dubium
1268 639 1374 721 est,

57 760 208 845 quin
252 757 375 845 ipse
408 754 653 819 Author
694 769 902 835 *totum
949 749 1377 814 reformaturus

53 863 254 943 fuerit,
291 861 482 928 recifis
506 861 992 952 quamplurimiS‚
1025 862 1375 950 priusquam

56 972 210 1037 illud
243 976 398 1061 typis
428 969 831 1036 commisisset.
892 972 1090 1035 Nobis
1126 974 1191 1042 in
1228 971 1375 1036 alie-

55 1105 139 1144 no
168 1105 350 1168 opere
381 1081 543 1145 idem
574 1106 698 1145 non
737 1080 928 1145 licuit.
1004 1080 1377 1144 Verebamur

54 1185 208 1252 ill'ud
233 1189 333 1253 a-lii
365 1189 785 1277 refingendum
821 1190 1071 1268 tradere,
1123 1214 1200 1254 ne
1224 1189 1376 1254 forte

55 1298 222 1363 sensu
276 1301 566 1364 Authoris
631 1323 844 1388 parum
899 1298 1223 1378 intellefiQ
1282 1298 1376 1362 vel

56 1412 412 1474 TOUPIANA
449 1411 866 1473 omitterentur
908 1424 1014 1471 aut
1049 1408 1376 1494 detorque-

58 1535 283 1596 rentur,
321 1518 412 1581 vel
446 1518 638 1581 aliena
672 1543 783 1605 pro
819 1521 1193 1580 TOUPIANIS
1229 1539 1376 1579 ven-

57 1628 405 1692 ditarentur.
477 1627 680 1691 Multo
726 1628 924 1690 minus
979 1640 1182 1688 totum
1225 1647 1377 1710 opus

55 1736 443 1825 rejiciendum
489 1735 604 1799 effe
649 1735 1105 1810 arbitrabamur,
1155 1735 1216 1795 in
1248 1754 1376 1819 quo

56 1861 214 1908 certe
238 1869 362 1909 non
387 1845 598 1909 desunt
617 1869 748 1933 quae
773 1844 848 1906 ab
872 1843 997 1906 aliis
1022 1844 1240 1905 intaffi‘ta
1264 1864 1376 1929 pro

57 1953 232 2018 solito
261 1954 367 2018 suo
412 1956 691 2018 acumine
723 1971 783 2016 et
818 1957 1164 2016 Graecarum
1204 1952 1373 2013 Lite-

57 2085 262 2126 rarum
301 2064 512 2150 peritia
552 2063 650 2127 Cl.
697 2060 941 2126 Author
987 2058 1376 2147 investigave-

56 2172 148 2234 rit.
233 2174 370 2233 Nee
415 2195 556 2234 vero
612 2170 786 2234 facile
835 2168 1156 2234 resecandae
1208 2183 1377 2229 erant

58 2295 250 2367 partes
274 2279 351 2343 ab
385 2279 510 2344 aliis
547 2297 993 2370 praeoecupatae,
1047 2301 1180 2365 quae
1219 2299 1376 2339 non-

58 2411 374 2476 nunquam
417 2413 452 2453 a
491 2389 598 2453 suo
642 2389 780 2453 loco
822 2412 971 2475 aegre
1004 2385 1204 2450 divelli
1238 2383 1377 2473 pos-

57 2493 191 2559 sunt
258 2496 414 2562 salva
479 2500 670 2587 operis
737 2499 1109 2584 integritate,
1176 2516 1378 2580 neque

58 2604 290 2690 prorsus
322 2605 431 2670 usu
468 2625 672 2671 carent
696 2636 716 2688 3
781 2631 926 2670 cum
979 2606 1200 2691 partim
1242 2625 1378 2689 quae

58 2711 135 2782 ab
166 2712 291 2777 aliis
315 2720 656 2807 excogitata
681 2718 818 2781 sunt
846 2713 1378 2780 confirmationem

1062 2821 1374 2911 quandam
