<?xml version="1.0" encoding="UTF-8"?>
<!DOCTYPE html PUBLIC "-//W3C//DTD XHTML 1.0 Transitional//EN"
    "http://www.w3.org/TR/xhtml1/DTD/xhtml1-transitional.dtd">
<html xmlns="http://www.w3.org/1999/xhtml" xml:lang="en" lang="en">
 <head>
  <title>
</title>
<meta http-equiv="Content-Type" content="text/html;charset=utf-8" />
  <meta name='ocr-system' content='tesseract 3.04.00' />
  <meta name='ocr-capabilities' content='ocr_page ocr_carea ocr_par ocr_line ocrx_word'/>
</head>
<body>
  <div class='ocr_page' id='page_1' title='image "./emendationesinsu01toupuoft_0018.png"; bbox 0 0 1880 3132; ppageno 0'>
   <div class='ocr_carea' id='block_1_1' title="bbox 471 211 1524 280">
    <p class='ocr_par' dir='ltr' id='par_1_1' title="bbox 471 211 1524 280">
     <span class='ocr_line' id='line_1_1' title="bbox 471 211 1524 280; baseline 0.001 -1"><span class='ocrx_word' id='word_1_1' title='bbox 471 216 578 279; x_wconf 82' lang='lat' dir='ltr'>viii</span> <span class='ocrx_word' id='word_1_2' title='bbox 758 211 1524 280; x_wconf 89' lang='lat' dir='ltr'><strong>PRAEFATIO.</strong></span> 
     </span>
    </p>
   </div>
   <div class='ocr_carea' id='block_1_2' title="bbox 457 349 1784 1961">
    <p class='ocr_par' dir='ltr' id='par_1_2' title="bbox 457 349 1784 1961">
     <span class='ocr_line' id='line_1_2' title="bbox 469 349 1782 437; baseline 0.003 -26"><span class='ocrx_word' id='word_1_3' title='bbox 469 349 778 436; x_wconf 86' lang='lat' dir='ltr'>quandam</span> <span class='ocrx_word' id='word_1_4' title='bbox 830 349 1054 412; x_wconf 85' lang='lat' dir='ltr'>habent</span> <span class='ocrx_word' id='word_1_5' title='bbox 1099 373 1172 413; x_wconf 86' lang='lat' dir='ltr'>ex</span> <span class='ocrx_word' id='word_1_6' title='bbox 1233 375 1307 414; x_wconf 92' lang='lat' dir='ltr'>eo</span> <span class='ocrx_word' id='word_1_7' title='bbox 1359 351 1525 437; x_wconf 90' lang='lat' dir='ltr'>quod</span> <span class='ocrx_word' id='word_1_8' title='bbox 1571 355 1686 414; x_wconf 88' lang='lat' dir='ltr'>To</span> <span class='ocrx_word' id='word_1_9' title='bbox 1706 377 1782 416; x_wconf 81' lang='grc' dir='ltr'>υ-</span> 
     </span>
     <span class='ocr_line' id='line_1_3' title="bbox 471 457 1782 546; baseline 0.002 -25"><span class='ocrx_word' id='word_1_10' title='bbox 471 480 652 522; x_wconf 64' lang='lat' dir='ltr'>prus</span> <span class='ocrx_word' id='word_1_11' title='bbox 710 460 771 521; x_wconf 91' lang='lat' dir='ltr'>in</span> <span class='ocrx_word' id='word_1_12' title='bbox 813 458 1024 521; x_wconf 88' lang='lat' dir='ltr'>eadem</span> <span class='ocrx_word' id='word_1_13' title='bbox 1071 457 1367 538; x_wconf 79' lang='lat' dir='ltr'>inciderit,</span> <span class='ocrx_word' id='word_1_14' title='bbox 1428 461 1646 546; x_wconf 90' lang='lat' dir='ltr'>partim</span> <span class='ocrx_word' id='word_1_15' title='bbox 1685 461 1782 524; x_wconf 89' lang='lat' dir='ltr'>di-</span> 
     </span>
     <span class='ocr_line' id='line_1_4' title="bbox 468 563 1780 645; baseline 0.005 -19"><span class='ocrx_word' id='word_1_16' title='bbox 468 564 627 627; x_wconf 89' lang='lat' dir='ltr'>versa</span> <span class='ocrx_word' id='word_1_17' title='bbox 663 563 855 629; x_wconf 85' lang='lat' dir='ltr'>forma</span> <span class='ocrx_word' id='word_1_18' title='bbox 884 584 946 629; x_wconf 87' lang='lat' dir='ltr'>et</span> <span class='ocrx_word' id='word_1_19' title='bbox 976 567 1180 645; x_wconf 89' lang='lat' dir='ltr'>mod0,</span> <span class='ocrx_word' id='word_1_20' title='bbox 1230 567 1322 630; x_wconf 93' lang='lat' dir='ltr'>vel</span> <span class='ocrx_word' id='word_1_21' title='bbox 1352 591 1498 632; x_wconf 91' lang='lat' dir='ltr'>cum</span> <span class='ocrx_word' id='word_1_22' title='bbox 1543 569 1780 632; x_wconf 85' lang='lat' dir='ltr'>addita-</span> 
     </span>
     <span class='ocr_line' id='line_1_5' title="bbox 468 677 1782 764; baseline 0.005 -28"><span class='ocrx_word' id='word_1_23' title='bbox 468 691 680 737; x_wconf 87' lang='lat' dir='ltr'>mento</span> <span class='ocrx_word' id='word_1_24' title='bbox 713 677 984 761; x_wconf 85' lang='lat' dir='ltr'>quodam</span> <span class='ocrx_word' id='word_1_25' title='bbox 1016 700 1051 739; x_wconf 92' lang='lat' dir='ltr'>a</span> <span class='ocrx_word' id='word_1_26' title='bbox 1084 680 1241 739; x_wconf 82' lang='lat' dir='ltr'>Tou</span> <span class='ocrx_word' id='word_1_27' title='bbox 1266 701 1294 739; x_wconf 84' lang='lat' dir='ltr'>P</span> <span class='ocrx_word' id='word_1_28' title='bbox 1317 701 1335 739; x_wconf 94' lang='lat'>1</span> <span class='ocrx_word' id='word_1_29' title='bbox 1356 701 1393 739; x_wconf 91' lang='grc' dir='ltr'>ο</span> <span class='ocrx_word' id='word_1_30' title='bbox 1429 694 1782 764; x_wconf 86' lang='lat' dir='ltr'>proponun-</span> 
     </span>
     <span class='ocr_line' id='line_1_6' title="bbox 466 783 1783 870; baseline 0.005 -26"><span class='ocrx_word' id='word_1_31' title='bbox 466 798 586 846; x_wconf 89' lang='lat' dir='ltr'><strong>tur.</strong></span> <span class='ocrx_word' id='word_1_32' title='bbox 638 786 887 847; x_wconf 63' lang='lat' dir='ltr'>Red&#39;tius</span> <span class='ocrx_word' id='word_1_33' title='bbox 920 787 1101 870; x_wconf 85' lang='lat' dir='ltr'>igitur</span> <span class='ocrx_word' id='word_1_34' title='bbox 1133 784 1343 849; x_wconf 80' lang='lat' dir='ltr'>Fidem</span> <span class='ocrx_word' id='word_1_35' title='bbox 1377 783 1638 849; x_wconf 90' lang='lat' dir='ltr'>nostram</span> <span class='ocrx_word' id='word_1_36' title='bbox 1672 809 1783 850; x_wconf 86' lang='lat' dir='ltr'>ex-</span> 
     </span>
     <span class='ocr_line' id='line_1_7' title="bbox 465 889 1784 978; baseline 0.003 -25"><span class='ocrx_word' id='word_1_37' title='bbox 465 889 685 978; x_wconf 86' lang='lat' dir='ltr'>pleturi</span> <span class='ocrx_word' id='word_1_38' title='bbox 724 891 838 955; x_wconf 81' lang='lat' dir='ltr'>effe</span> <span class='ocrx_word' id='word_1_39' title='bbox 881 892 1049 955; x_wconf 90' lang='lat' dir='ltr'>nobis</span> <span class='ocrx_word' id='word_1_40' title='bbox 1090 892 1454 971; x_wconf 88' lang='lat' dir='ltr'>videbamur,</span> <span class='ocrx_word' id='word_1_41' title='bbox 1503 892 1550 957; x_wconf 90' lang='lat' dir='ltr'><strong>fi</strong></span> <span class='ocrx_word' id='word_1_42' title='bbox 1581 909 1784 957; x_wconf 87' lang='lat' dir='ltr'>totum</span> 
     </span>
     <span class='ocr_line' id='line_1_8' title="bbox 466 999 1781 1089; baseline 0.002 -27"><span class='ocrx_word' id='word_1_43' title='bbox 466 1023 618 1087; x_wconf 89' lang='lat' dir='ltr'>opus</span> <span class='ocrx_word' id='word_1_44' title='bbox 659 999 828 1063; x_wconf 87' lang='lat' dir='ltr'>nulla</span> <span class='ocrx_word' id='word_1_45' title='bbox 874 1003 1303 1065; x_wconf 87' lang='lat' dir='ltr'>immutatione</span> <span class='ocrx_word' id='word_1_46' title='bbox 1350 999 1505 1066; x_wconf 68' lang='lat' dir='ltr'>fac&#39;ta</span> <span class='ocrx_word' id='word_1_47' title='bbox 1552 1002 1781 1089; x_wconf 88' lang='lat' dir='ltr'>publici</span> 
     </span>
     <span class='ocr_line' id='line_1_9' title="bbox 457 1108 1782 1198; baseline 0.002 -27"><span class='ocrx_word' id='word_1_48' title='bbox 457 1108 607 1198; x_wconf 86' lang='lat' dir='ltr'>juris</span> <span class='ocrx_word' id='word_1_49' title='bbox 632 1108 960 1174; x_wconf 88' lang='lat' dir='ltr'>faceremus</span> <span class='ocrx_word' id='word_1_50' title='bbox 982 1137 1000 1188; x_wconf 86' lang='lat'>3</span> <span class='ocrx_word' id='word_1_51' title='bbox 1043 1111 1164 1174; x_wconf 88' lang='lat' dir='ltr'>haec</span> <span class='ocrx_word' id='word_1_52' title='bbox 1189 1109 1601 1198; x_wconf 85' lang='lat' dir='ltr'>praemonuiffe</span> <span class='ocrx_word' id='word_1_53' title='bbox 1627 1133 1782 1175; x_wconf 87' lang='lat' dir='ltr'>con-</span> 
     </span>
     <span class='ocr_line' id='line_1_10' title="bbox 463 1216 1778 1305; baseline 0 -24"><span class='ocrx_word' id='word_1_54' title='bbox 463 1220 640 1296; x_wconf 86' lang='lat' dir='ltr'>tenti,</span> <span class='ocrx_word' id='word_1_55' title='bbox 691 1243 767 1282; x_wconf 91' lang='lat' dir='ltr'>ne</span> <span class='ocrx_word' id='word_1_56' title='bbox 802 1222 864 1282; x_wconf 89' lang='lat' dir='ltr'>in</span> <span class='ocrx_word' id='word_1_57' title='bbox 910 1219 1024 1283; x_wconf 91' lang='lat' dir='ltr'>hoc</span> <span class='ocrx_word' id='word_1_58' title='bbox 1067 1219 1566 1283; x_wconf 82' lang='lat' dir='ltr'>animadverteret</span> <span class='ocrx_word' id='word_1_59' title='bbox 1613 1216 1778 1305; x_wconf 90' lang='lat' dir='ltr'>quis-</span> 
     </span>
     <span class='ocr_line' id='line_1_11' title="bbox 465 1328 1778 1415; baseline 0.003 -27"><span class='ocrx_word' id='word_1_60' title='bbox 465 1349 654 1412; x_wconf 86' lang='lat' dir='ltr'>quam</span> <span class='ocrx_word' id='word_1_61' title='bbox 690 1344 977 1415; x_wconf 87' lang='lat' dir='ltr'>tanquam</span> <span class='ocrx_word' id='word_1_62' title='bbox 1023 1328 1514 1391; x_wconf 88' lang='lat' dir='ltr'>consummatum</span> <span class='ocrx_word' id='word_1_63' title='bbox 1545 1343 1605 1392; x_wconf 91' lang='lat' dir='ltr'>et</span> <span class='ocrx_word' id='word_1_64' title='bbox 1639 1350 1778 1415; x_wconf 90' lang='lat' dir='ltr'>per-</span> 
     </span>
     <span class='ocr_line' id='line_1_12' title="bbox 465 1435 1779 1524; baseline 0.002 -26"><span class='ocrx_word' id='word_1_65' title='bbox 465 1436 731 1523; x_wconf 89' lang='lat' dir='ltr'>politum</span> <span class='ocrx_word' id='word_1_66' title='bbox 754 1461 922 1524; x_wconf 78' lang='lat' dir='ltr'>opus,</span> <span class='ocrx_word' id='word_1_67' title='bbox 974 1441 1256 1501; x_wconf 77' lang='lat' dir='ltr'>Praeterea</span> <span class='ocrx_word' id='word_1_68' title='bbox 1282 1435 1586 1500; x_wconf 81' lang='lat' dir='ltr'>nonnullis</span> <span class='ocrx_word' id='word_1_69' title='bbox 1613 1436 1779 1500; x_wconf 90' lang='lat' dir='ltr'>haud</span> 
     </span>
     <span class='ocr_line' id='line_1_13' title="bbox 465 1542 1777 1633; baseline -0.001 -24"><span class='ocrx_word' id='word_1_70' title='bbox 465 1548 772 1632; x_wconf 84' lang='lat' dir='ltr'>ingratum</span> <span class='ocrx_word' id='word_1_71' title='bbox 819 1546 944 1608; x_wconf 88' lang='lat' dir='ltr'>fore</span> <span class='ocrx_word' id='word_1_72' title='bbox 976 1545 1434 1622; x_wconf 85' lang='lat' dir='ltr'>arbitrabamur,</span> <span class='ocrx_word' id='word_1_73' title='bbox 1478 1542 1523 1608; x_wconf 87' lang='lat' dir='ltr'>fi</span> <span class='ocrx_word' id='word_1_74' title='bbox 1559 1545 1777 1633; x_wconf 90' lang='lat' dir='ltr'>judicii</span> 
     </span>
     <span class='ocr_line' id='line_1_14' title="bbox 463 1653 1777 1741; baseline -0.001 -23"><span class='ocrx_word' id='word_1_75' title='bbox 463 1656 757 1718; x_wconf 89' lang='lat' dir='ltr'>Authoris</span> <span class='ocrx_word' id='word_1_76' title='bbox 816 1653 1204 1741; x_wconf 72' lang='lat' dir='ltr'>progressum,</span> <span class='ocrx_word' id='word_1_77' title='bbox 1284 1655 1502 1741; x_wconf 87' lang='lat' dir='ltr'>primas</span> <span class='ocrx_word' id='word_1_78' title='bbox 1549 1655 1777 1741; x_wconf 86' lang='lat' dir='ltr'>quippe</span> 
     </span>
     <span class='ocr_line' id='line_1_15' title="bbox 462 1761 1776 1852; baseline -0.002 -25"><span class='ocrx_word' id='word_1_79' title='bbox 462 1763 611 1852; x_wconf 87' lang='lat' dir='ltr'>ejus,</span> <span class='ocrx_word' id='word_1_80' title='bbox 678 1778 739 1826; x_wconf 90' lang='lat' dir='ltr'>et</span> <span class='ocrx_word' id='word_1_81' title='bbox 794 1764 925 1850; x_wconf 89' lang='lat' dir='ltr'>plus</span> <span class='ocrx_word' id='word_1_82' title='bbox 982 1761 1234 1850; x_wconf 79' lang='lat' dir='ltr'>simplici</span> <span class='ocrx_word' id='word_1_83' title='bbox 1293 1765 1419 1825; x_wconf 91' lang='lat' dir='ltr'>vice</span> <span class='ocrx_word' id='word_1_84' title='bbox 1473 1777 1776 1824; x_wconf 89' lang='lat' dir='ltr'>renovatas</span> 
     </span>
     <span class='ocr_line' id='line_1_16' title="bbox 462 1871 1777 1961; baseline -0.004 -25"><span class='ocrx_word' id='word_1_85' title='bbox 462 1875 858 1961; x_wconf 82' lang='lat' dir='ltr'>cogitationes</span> <span class='ocrx_word' id='word_1_86' title='bbox 906 1896 1109 1935; x_wconf 89' lang='lat' dir='ltr'>coram</span> <span class='ocrx_word' id='word_1_87' title='bbox 1163 1871 1352 1934; x_wconf 87' lang='lat' dir='ltr'>oculis</span> <span class='ocrx_word' id='word_1_88' title='bbox 1411 1892 1777 1958; x_wconf 89' lang='lat' dir='ltr'>proponere-</span> 
     </span>
    </p>
   </div>
   <div class='ocr_carea' id='block_1_3' title="bbox 463 2006 1775 2176">
    <p class='ocr_par' dir='ltr' id='par_1_3' title="bbox 463 2006 1775 2176">
     <span class='ocr_line' id='line_1_17' title="bbox 533 2006 620 2045; baseline 0 0"><span class='ocrx_word' id='word_1_89' title='bbox 533 2006 620 2045; x_wconf 78' lang='lat' dir='ltr'>us·</span> 
     </span>
     <span class='ocr_line' id='line_1_18' title="bbox 463 2006 1775 2176; baseline -0.002 -23"><span class='ocrx_word' id='word_1_90' title='bbox 463 2006 527 2047; x_wconf 76' lang='lat' dir='ltr'><strong>m</strong></span> <span class='ocrx_word' id='word_1_91' title='bbox 553 2093 668 2154; x_wconf 92' lang='lat' dir='ltr'>No</span> <span class='ocrx_word' id='word_1_92' title='bbox 686 2112 785 2151; x_wconf 86' lang='lat' dir='ltr'>TAE</span> <span class='ocrx_word' id='word_1_93' title='bbox 819 2090 1047 2176; x_wconf 82' lang='lat' dir='ltr'>paginis</span> <span class='ocrx_word' id='word_1_94' title='bbox 1073 2087 1340 2176; x_wconf 64' lang='lat' dir='ltr'>subje&amp;ae</span> <span class='ocrx_word' id='word_1_95' title='bbox 1365 2111 1440 2149; x_wconf 83' lang='lat' dir='ltr'>ex</span> <span class='ocrx_word' id='word_1_96' title='bbox 1473 2085 1775 2172; x_wconf 82' lang='lat' dir='ltr'>postrema</span> 
     </span>
    </p>
   </div>
   <div class='ocr_carea' id='block_1_4' title="bbox 457 2194 1774 2923">
    <p class='ocr_par' dir='ltr' id='par_1_4' title="bbox 457 2194 1774 2808">
     <span class='ocr_line' id='line_1_19' title="bbox 461 2194 1773 2263; baseline -0.004 -1"><span class='ocrx_word' id='word_1_97' title='bbox 461 2199 700 2263; x_wconf 83' lang='lat' dir='ltr'>suarum</span> <span class='ocrx_word' id='word_1_98' title='bbox 738 2198 1252 2262; x_wconf 88' lang='lat' dir='ltr'>Emendationum</span> <span class='ocrx_word' id='word_1_99' title='bbox 1293 2194 1631 2260; x_wconf 78' lang='lat' dir='ltr'>recensione</span> <span class='ocrx_word' id='word_1_100' title='bbox 1665 2194 1773 2258; x_wconf 86' lang='lat' dir='ltr'>de·-</span> 
     </span>
     <span class='ocr_line' id='line_1_20' title="bbox 459 2305 1772 2395; baseline -0.002 -25"><span class='ocrx_word' id='word_1_101' title='bbox 459 2307 705 2395; x_wconf 85' lang='lat' dir='ltr'>sumptae</span> <span class='ocrx_word' id='word_1_102' title='bbox 736 2307 891 2385; x_wconf 87' lang='lat' dir='ltr'>sunt,</span> <span class='ocrx_word' id='word_1_103' title='bbox 944 2332 1132 2395; x_wconf 87' lang='lat' dir='ltr'>quam</span> <span class='ocrx_word' id='word_1_104' title='bbox 1168 2306 1567 2384; x_wconf 86' lang='lat' dir='ltr'>inchoaverat,</span> <span class='ocrx_word' id='word_1_105' title='bbox 1615 2305 1772 2368; x_wconf 89' lang='lat' dir='ltr'>etin</span> 
     </span>
     <span class='ocr_line' id='line_1_21' title="bbox 459 2411 1774 2504; baseline -0.002 -25"><span class='ocrx_word' id='word_1_106' title='bbox 459 2419 726 2504; x_wconf 84' lang='lat' dir='ltr'>margine</span> <span class='ocrx_word' id='word_1_107' title='bbox 773 2417 1074 2480; x_wconf 86' lang='lat' dir='ltr'>Editionis</span> <span class='ocrx_word' id='word_1_108' title='bbox 1108 2416 1433 2478; x_wconf 88' lang='lat' dir='ltr'>Albertinae</span> <span class='ocrx_word' id='word_1_109' title='bbox 1481 2411 1774 2477; x_wconf 90' lang='lat' dir='ltr'>describe-</span> 
     </span>
     <span class='ocr_line' id='line_1_22' title="bbox 459 2522 1772 2612; baseline -0.003 -24"><span class='ocrx_word' id='word_1_110' title='bbox 459 2525 594 2588; x_wconf 89' lang='lat' dir='ltr'>bat:</span> <span class='ocrx_word' id='word_1_111' title='bbox 649 2550 780 2612; x_wconf 85' lang='lat' dir='ltr'>quae</span> <span class='ocrx_word' id='word_1_112' title='bbox 813 2543 1015 2588; x_wconf 87' lang='lat' dir='ltr'>autem</span> <span class='ocrx_word' id='word_1_113' title='bbox 1047 2524 1130 2588; x_wconf 90' lang='lat' dir='ltr'>ibi</span> <span class='ocrx_word' id='word_1_114' title='bbox 1166 2523 1473 2589; x_wconf 85' lang='lat' dir='ltr'>exstabant</span> <span class='ocrx_word' id='word_1_115' title='bbox 1504 2522 1582 2586; x_wconf 88' lang='lat' dir='ltr'>de</span> <span class='ocrx_word' id='word_1_116' title='bbox 1612 2544 1772 2586; x_wconf 91' lang='lat' dir='ltr'>novo</span> 
     </span>
     <span class='ocr_line' id='line_1_23' title="bbox 457 2629 1771 2719; baseline -0.002 -25"><span class='ocrx_word' id='word_1_117' title='bbox 457 2633 812 2719; x_wconf 78' lang='lat' dir='ltr'>excogitatae</span> <span class='ocrx_word' id='word_1_118' title='bbox 863 2631 940 2694; x_wconf 89' lang='lat' dir='ltr'>ad</span> <span class='ocrx_word' id='word_1_119' title='bbox 986 2631 1241 2695; x_wconf 89' lang='lat' dir='ltr'>aliarum</span> <span class='ocrx_word' id='word_1_120' title='bbox 1287 2631 1520 2698; x_wconf 87' lang='lat' dir='ltr'>calcem</span> <span class='ocrx_word' id='word_1_121' title='bbox 1558 2629 1771 2716; x_wconf 88' lang='lat' dir='ltr'>impri-</span> 
     </span>
     <span class='ocr_line' id='line_1_24' title="bbox 459 2739 1244 2808; baseline 0.004 -5"><span class='ocrx_word' id='word_1_122' title='bbox 459 2739 709 2804; x_wconf 87' lang='lat' dir='ltr'>mendas</span> <span class='ocrx_word' id='word_1_123' title='bbox 738 2739 852 2804; x_wconf 81' lang='lat' dir='ltr'>effe</span> <span class='ocrx_word' id='word_1_124' title='bbox 886 2743 1244 2808; x_wconf 79' lang='lat' dir='ltr'>curavimuS.</span> 
     </span>
    </p>

    <p class='ocr_par' dir='ltr' id='par_1_5' title="bbox 1457 2851 1772 2923">
     <span class='ocr_line' id='line_1_25' title="bbox 1457 2851 1772 2923; baseline -0.016 -10"><span class='ocrx_word' id='word_1_125' title='bbox 1457 2851 1772 2923; x_wconf 70' lang='lat' dir='ltr'>DEMQJE</span> 
     </span>
    </p>
   </div>
  </div>
 </body>
</html>
