1880 3132
503 207 565 272 iv
769 199 1532 265 PRAEFATIO.

501 334 921 410 confirmabat,
967 331 1057 394 vel
1088 329 1359 416 augebat.
1445 334 1655 418 Itaque
1686 343 1814 396 tam

499 443 681 534 ipsius
713 443 998 506 Authoris
1029 438 1345 516 VoluntaS,
1399 456 1458 501 et
1493 443 1658 502 Cura
1689 439 1814 527 ejus

498 559 564 620 in
599 552 903 618 nonnullis
946 548 1039 612 vel
1083 547 1442 632 corrigendis
1481 547 1575 608 vel
1602 545 1815 633 adjici-

495 663 684 740 endis,
737 683 920 748 quam
954 659 1164 721 Primae
1195 658 1380 719 Partis
1414 657 1636 733 raritaS,
1677 676 1814 740 quae

494 771 661 860 apud
695 765 1052 854 Bibliopolas
1089 767 1189 827 vix
1224 762 1652 840 inveniebatur,
1695 786 1811 825 no-

493 903 635 944 vam
691 878 1036 941 Editionem
1087 872 1417 959 efflagitare
1478 871 1812 936 videbatur.

495 987 685 1077 Qod
714 985 790 1050 ad
823 985 978 1049 hanc
1010 979 1405 1045 ordinandam
1438 980 1683 1066 speetat,
1721 979 1813 1043 sa-

491 1102 612 1162 tius
663 1094 858 1159 fuiffet
924 1089 1159 1154 fortasse
1220 1105 1392 1151 notas
1457 1087 1814 1174 marginales

489 1207 655 1295 operi
688 1201 1024 1277 inte'xuiffe,
1072 1217 1133 1262 et
1174 1214 1372 1260 totum
1408 1196 1809 1262 Emendatio-

489 1341 645 1383 num
676 1336 892 1400 corpus
922 1313 986 1373 in
1019 1331 1207 1371 unam
1241 1305 1447 1369 seriem
1476 1304 1658 1393 juxta
1692 1304 1809 1369 Al-

483 1424 735 1515 ·phabeti
756 1421 1032 1486 ordinem
1057 1417 1263 1479 denuo
1288 1414 1600 1501 redegiffe3
1637 1413 1813 1502 quod

486 1551 694 1599 tamen
724 1553 868 1595 cum
893 1525 1022 1590 fieri
1057 1549 1179 1588 non
1213 1525 1430 1612 potuit,
1482 1522 1588 1585 nifi
1621 1521 1810 1586 refin-

487 1658 770 1734 gerentur
815 1636 1114 1701 sententiae
1153 1629 1457 1719 quaedam,
1511 1647 1571 1693 et
1613 1629 1807 1695 forma

483 1753 681 1841 operis
712 1751 777 1812 in
812 1742 1111 1810 nonnullis
1144 1743 1554 1816 innovaretur,
1595 1739 1806 1826 religio

483 1878 611 1926 erat
644 1854 919 1922 Authore
957 1851 1089 1941 jam
1132 1847 1416 1912 defuneto
1457 1847 1809 1934 perturbare

483 1968 580 2033 vel
639 1970 964 2031 immutare
1015 1981 1149 2047 quae
1209 1955 1333 2044 ipse
1385 1955 1798 2043 proposuerat.

481 2076 825 2144 Maluimus
865 2084 1101 2134 textum
1139 2066 1212 2129 ad
1257 2067 1461 2154 prioris
1509 2063 1805 2128 Editionis

483 2184 747 2250 formam
807 2183 870 2243 in
925 2176 1207 2241 omnibus
1264 2173 1567 2250 recudere,
1633 2188 1806 2235 notas

484 2310 688 2358 autem
721 2312 866 2376 quas
895 2287 1157 2351 diximus
1193 2281 1453 2370 singulas
1486 2282 1596 2345 suis
1627 2284 1802 2368 pagi-

483 2403 573 2464 nis
631 2398 941 2485 subjicere‚
1012 2394 1244 2457 servatis
1311 2394 1493 2454 etiam
1557 2392 1620 2453 in
1685 2389 1802 2452 illis
1870 2445 1873 2447 .

482 2514 814 2598 (quantum
869 2502 999 2566 fieri
1055 2502 1254 2590 potuit
1298 2503 1361 2563 in
1417 2501 1586 2562 rebus
1625 2521 1798 2561 com-

483 2615 765 2706 pendiose
799 2613 1049 2702 scriptis)
1084 2607 1261 2698 ipsius
1291 2612 1537 2673 Toum
1582 2604 1796 2671 verbis,

1693 2729 1799 2790 Da
