1880 3132
529 177 632 231 114
750 157 1589 213 EMENDATIONES

330 313 473 351 PARS
522 277 811 329 scribendus
837 277 925 328 iste
951 278 1104 329 locus.
1167 277 1338 346 Isidoro
1361 275 1604 328 Domnam
1631 291 1822 328 uxorem

381 371 416 408 Ι.

321 434 486 468 “⁸⁹‘'
522 449 722 500 Domna
758 458 916 497 autem
950 445 1112 515 quinto
1142 442 1237 512 post
1266 455 1471 513 partum
1500 441 1572 494 die
1600 442 1821 494 moritur.

520 362 713 415 ducenti
723 374 864 413 natus
884 361 942 429 est
947 361 1106 429 filius,
1132 379 1264 432 quem
1282 359 1505 411 Proclzcm
1523 357 1820 418 nominavit3

521 531 676 600 Qod
703 549 819 580 vero
845 529 947 579 dixi
975 529 1036 579 de
1063 527 1305 598 anapaesto
1322 527 1373 577 in
1397 539 1626 597 quartam
1655 527 1826 578 sedem

521 615 694 666 senarii
714 613 920 681 Tragici
942 613 1152 663 minime
1176 611 1506 670 admittendo,
1530 612 1582 662 id
1600 612 1826 681 quidem,

519 712 577 750 ut
604 697 801 749 diversae
822 696 913 747 effe
939 697 1095 746 solent
1116 695 1387 746 hominum
1412 695 1684 754 sententiae,
1712 695 1829 747 lau-

521 783 671 834 datur
692 781 754 832 ab
776 779 873 840 his,
900 781 1132 850 culpatur
1160 779 1221 829 ab
1250 779 1359 829 illis.
1408 778 1502 829 Vir
1520 778 1827 830 doctissimus

521 867 612 937 qui
638 865 897 935 Euripidis
920 864 1263 934 Hippolytum
1285 881 1385 913 non
1407 863 1475 913 ita
1501 863 1700 933 pridem
1730 881 1826 913 no-

521 952 597 1002 bis
623 949 781 1009 dedit,
822 960 872 999 et
901 948 1094 1018 reliqua
1123 947 1328 1016 Tragici
1355 945 1579 1015 σωζόμενοι
1605 965 1667 998 ex
1695 945 1826 997 MSS

523 1037 636 1088 Par.
667 1033 950 1090 emendata,
992 1048 1178 1099 magno
1210 1030 1474 1081 literarum
1501 1031 1829 1082 emolumen-

523 1132 594 1179 t0,
615 1119 724 1188 jam
741 1115 851 1185 jam
869 1115 1073 1166 daturus
1091 1114 1177 1174 est,
1205 1113 1484 1166 istiusmodi
1500 1132 1715 1166 canonas
1734 1133 1826 1166 ne-

526 1221 644 1274 gare
684 1201 773 1253 fibi
813 1211 955 1250 natos
999 1199 1211 1249 videtur.
1273 1208 1307 1229 “
1335 1198 1650 1250 Meminerat
1691 1199 1830 1250 enim

525 1297 560 1321 “
582 1284 849 1356 anapaestos
861 1284 1056 1334 duobus
1076 1283 1208 1354 apud
1225 1281 1530 1353 Sophoclem
1547 1284 1669 1335 locis
1686 1302 1833 1354 quar-

527 1381 564 1404 “
587 1384 693 1422 tam
724 1368 885 1418 lambi
926 1367 1090 1418 sedern
1129 1385 1370 1437 occupare
1390 1392 1405 1428 3
1445 1385 1666 1438 quorum
1704 1369 1830 1418 alter

529 1465 565 1487 “
585 1455 637 1505 in
665 1450 956 1503 Trachiniis
983 1465 1121 1503 extat
1159 1470 1259 1502 ver.
1283 1467 1404 1521 295.

675 1555 775 1609 Τῶν
799 1549 876 1625 μὲν
900 1557 1136 1626 παρόντων,
1173 1555 1250 1608 τῶν
1273 1548 1317 1607 d}
1341 1557 1602 1625 πεπυσμένη
1628 1556 1803 1625 λόγῳ.ἦε

526 1693 555 1710 “
582 1678 727 1729 Alter
753 1677 803 1727 in
830 1674 1110 1727 Philocteta
1149 1694 1250 1727 ver.
1273 1663 1421 1744 498?

676 1781 919 1855 Τξοιχινίσιν
943 1803 987 1831 τε
1011 1775 1198 1851 δὶιροὶὃα,
1240 1781 1275 1856 a}
1299 1780 1366 1831 τὶν
1398 1780 1558 1849 εῧρσον.”

526 1901 622 1952 Sed
651 1900 702 1952 in
726 1912 904 1951 neutro
925 1898 1160 1967 exemplo
1177 1898 1320 1949 nobis
1343 1896 1577 1948 satisfacit
1600 1896 1675 1947 vir
1697 1896 1831 1966 opti-

528 2003 662 2037 muS.
730 1985 786 2035 In
814 1983 969 2053 priori
1002 1982 1138 2032 enim
1175 1982 1408 2033 versiculo
1435 1979 1834 2051 antepenultima

525 2067 597 2130 τὲ,
625 2067 887 2137 πεπυσμένη
912 2066 1194 2136 corripitur.
1248 2067 1365 2135 Qo
1393 2064 1451 2116 fit
1473 2078 1529 2116 ut
1557 2063 1835 2134 tribrachys

527 2156 659 2204 recte
677 2165 725 2204 et
746 2152 1023 2203 secundum
1045 2162 1203 2201 artem
1224 2163 1464 2221 quartum
1486 2150 1657 2200 locum
1676 2167 1832 2200 occu-

586 2386 606 2406 *
639 2380 772 2419 Forsan
791 2379 850 2416 hic
868 2379 967 2417 loeus
988 2379 1039 2416 ita
1058 2377 1236 2428 legendus
1252 2378 1323 2414 est:

696 2476 757 2505 TA
776 2466 830 2516 μὲν
849 2467 1021 2516 παιζόντων,
1050 2472 1110 2502 ΤΑ
1124 2464 1155 2501 ἒξ
1170 2468 1362 2516 ωεπυσμένῃ
1379 2467 1476 2514 λόγῳ.

642 2565 702 2602 Sic
724 2563 907 2614 Aristoph.
930 2561 1158 2612 Thesmoph.
1175 2561 1267 2611 603.

694 2656 732 2689 Εἴ
750 2649 796 2701 μὴ
815 2649 993 2698 ωεπύσμην
1010 2649 1111 2689 ταυτὶ
1127 2653 1185 2688 τῶν
1204 2645 1290 2696 σάφ’
1308 2647 1442 2687 εἰδότων.

1732 2723 1836 2782 pet.
