1880 3132
320 355 466 414 PARS

322 412 464 501 aa.

512 215 619 277 270
745 191 1588 253 EMENDATIONES

659 317 751 369 Vir
776 326 934 367 autem
958 325 1120 386 rogat,
1161 319 1265 386 Qeo
1292 315 1558 384 dssendis?
1594 318 1699 386 Qo
1715 317 1746 370 ἒ

663 401 891 454 Ἰοννηὶηα
927 419 997 452 me
1038 401 1229 453 cruciat
1274 402 1480 462 ventris,
1527 403 1718 464 marite,
1769 413 1819 456 et

841 485 970 537 dolor
983 504 1003 536 .·

660 572 828 642 Qare
851 570 921 624 ad
936 570 1242 623 latrinam'eo

513 693 681 762 Qare
708 689 820 741 satis
845 687 1018 740 festive
1043 687 1168 740 dicit
1193 688 1387 748 Carri0,
1426 687 1562 740 Pluti
1595 688 1815 743 adventu
1854 708 1857 714 ’

509 778 583 829 ita
627 775 801 828 omnia
843 773 987 826 domi
1030 772 1268 824 nitidiora
1316 785 1469 843 atque
1512 773 1816 843 elegantiora

508 860 662 920 fasta,
700 870 756 912 ut
781 875 883 911 non
917 856 1071 910 modo
1106 856 1244 928 quod
1277 858 1497 918 ederent,
1537 858 1618 910 sed
1657 859 1813 910 etiam

508 945 598 998 ubi
635 955 865 999 cacarent
902 942 1262 1014 elegantiffime
1300 941 1594 994 haberent*
1662 942 1813 995 Nihil

510 1043 685 1083 autem
722 1028 932 1081 facetius
971 1039 1021 1079 et
1056 1025 1342 1096 κωμικῶτερον
1381 1045 1536 1098 quam
1572 1025 1683 1081 ἱπιῖος
1718 1025 1814 1079 ἐλε-

509 1114 723 1183 φάντινος·
777 1114 862 1165 An
907 1112 1046 1181 ivery
1090 1111 1353 1183 hog-house.
1427 1112 1566 1179 Qin
1596 1124 1646 1163 et
1686 1105 1812 1164 illud

507 1200 621 1253 vide
652 1197 787 1269 quod
821 1197 1058 1267 sequitur,
1099 1196 1232 1247 unde
1264 1214 1363 1246 non
1397 1214 1577 1265 parum
1610 1195 1810 1248 subfidii

510 1283 686 1337 nostrae
725 1280 1125 1352 interpretationi
1158 1281 1264 1351 peti
1306 1292 1475 1351 queat.
1547 1279 1809 1352 Aristoph.
1879 1271 1880 1279 ¹

508 1370 644 1424 Plut.
672 1386 773 1422 ver.
801 1365 923 1421 818.

954 1463 1258 1540 ἵστοψώμεθοο
1282 1463 1327 1520 δ’
1348 1467 1378 1520 ἐ
1401 1467 1552 1524 λίθοις
1576 1467 1653 1534 ἔτι,

654 1555 809 1611 ’Amba
837 1550 1055 1628 σκοροδίοις
1079 1552 1162 1605 ὑπο
1187 1552 1343 1626 τρυφῆς
1368 1550 1551 1610 {nd-5515.

506 1675 664 1747 Qd
690 1688 1047 1748 argumentum
1072 1673 1180 1726 satis
1206 1673 1432 1724 validum
1458 1691 1522 1724 ex
1548 1671 1805 1744 posteriori

500 1761 587 1813 est.

574 1907 788 1960 ΙΠΝΟΣ.
849 1904 905 1957 ‘O
931 1904 1094 1975 φὲρνος.
1159 1904 1214 1956 'H
1238 1902 1435 1973 κάμινος.
1493 1893 1554 1954 ’ΧΗ
1587 1906 1606 1953 ὁ
1645 1901 1799 1970 φοινὸς.

500 1989 835 2061 ΚοῖῙοοχρης-ικῶς
877 1980 922 2040 ci}
966 2013 988 2049 η
1023 1987 1190 2060 ἐχώρει.
1252 1986 1600 2043 Ἱπνεςαπιοολέ8
1641 1986 1801 2054 φθὸίς.

498 2078 684 2137 Tang—a,
722 2075 1033 2146 πλοικὲντος.]
1095 2087 1122 2105 “
1152 2075 1318 2125 Verba
1345 2073 1594 2144 postrema
1618 2076 1801 2127 ἱπνεςοο·

498 2172 528 2193 “
555 2162 724 2213 -πιαλὲε
740 2174 786 2212 et
807 2179 917 2231 quae
939 2161 1235 2230 sequuntur,
1259 2177 1361 2210 non
1383 2158 1543 2210 solum
1564 2169 1800 2227 corrupta

494 2256 530 2278 “
558 2247 688 2306 sunt,
728 2246 808 2296 sed
834 2247 990 2296 etiam
1016 2263 1042 2294 a
1069 2245 1180 2296 loco
1206 2244 1306 2296 hoc
1335 2241 1643 2302 alieniffima,
1683 2259 1797 2311 quae

493 2339 528 2362 “
557 2331 764 2401 proinde
792 2348 890 2381 non
920 2329 1007 2379 nisi
1034 2329 1179 2380 litura
1200 2329 1351 2380 sanari
1377 2327 1594 2399 possunt.
1646 2328 1798 2378 Certe

497 2425 529 2446 “
561 2415 694 2485 apud
736 2413 1060 2465 Scholiastam
1107 2411 1455 2483 Aristophanis
1496 2425 1546 2463 et
1589 2409 1795 2482 Harpo-

544 2629 567 2650 *
598 2628 706 2665 Sellae
725 2628 967 2677 elegantiores
988 2641 1034 2665 ex
1054 2628 1163 2665 ebore
1182 2628 1295 2665 faftae.
1340 2626 1462 2664 Graeci
1478 2623 1694 2673 Ἐλεφάντυος
1712 2621 1787 2674 9ρὸ-

490 2711 551 2735 ,ος.
596 2691 693 2730 Vide
715 2692 947 2730 Gronovium
969 2692 1014 2730 ad
1033 2692 1120 2731 Aul.
1145 2692 1314 2732 Gellium
1330 2691 1384 2730 iii.
1411 2692 1471 2730 18.
1500 2703 1537 2740 p.
1559 2701 1648 2739 252·

1447 2773 1484 2797 “
1512 2764 1791 2817 crationem
