1880 3132
295 333 453 377 PARS

313 393 457 483 ..k-2

506 218 572 259 ιο
728 201 1574 261 EMENDATIONES

496 322 762 394 agnoscere
796 322 998 375 videtur
1030 321 1261 393 Etymol.
1296 321 1376 374 M.
1403 320 1673 393 Ἀςελτερῐοι,
1709 317 1808 375 Ka>

492 405 626 484 τξὸπῇ
653 406 710 458 r}
742 406 763 458 ἑ
800 408 856 462 εἷς
887 407 913 467 ἦ
943 407 1200 478 ἀςελτηρῖοι,
1236 405 1431 469 vivona-iob,
1469 406 1632 480 μωρία.
1705 407 1807 461 Sed

494 492 737 563 scriptura
754 492 902 544 unice
918 510 1032 544 vera
1051 508 1115 543 ex
1134 491 1299 563 poetis
1319 492 1539 563 petenda
1557 492 1640 544 est.
1680 492 1806 544 Per-

489 577 766 628 commode
798 576 956 646 igitur
984 577 1191 636 accidit,
1231 577 1371 648 quod
1403 575 1504 628 hoc
1537 576 1806 648 fragmen-
1860 586 1862 591 ’

487 672 604 713 tum
649 660 1021 713 Anaxandridae
1069 661 1218 713 nobis
1262 661 1566 715 conservarit
1607 661 1804 724 Suidas,

488 746 595 807 ubi,
619 758 675 797 ut
694 744 924 820 ἀςελτερίε
937 746 1197 806 scribatur,
1218 746 1432 799 omnino
1451 746 1670 817 postulat
1692 765 1804 800 me-

486 842 639 882 trum.
666 831 911 900 roum
928 829 1051 882 facit
1065 842 1115 882 et
1128 831 1262 883 vocis
1279 831 1521 902 analogia.
1549 831 1636 883 Ab
1649 831 1803 884 (ἐξέλ-

485 935 597 985 τερος
621 915 760 966 enim
787 914 900 967 fluit
927 913 1176 983 ἀέελτερῖοι,
1201 933 1304 967 non
1329 914 1582 985 ἀςελτηρῖοι.
1636 917 1707 969 Et
1733 917 1801 970 fic

488 1018 694 1071 quoque
730 1001 864 1052 re<ste
896 999 1025 1051 Lex.
1047 999 1164 1052 Vet.
1193 1000 1245 1051 in
1271 1000 1405 1052 Bibl.
1434 1000 1634 1052 Coissin.
1664 1002 1800 1072 apud
1859 1003 1862 1006 ’

486 1084 854 1138 Montfaucon.
880 1103 992 1156 pag.
1012 1084 1134 1156 469.
1176 1083 1443 1157 Ἀζελτερίω,
1465 1085 1660 1145 &vona-loo.
1699 1086 1800 1141 Sed

482 1183 535 1221 et
569 1170 706 1223 aliud
733 1169 819 1222 hie
853 1170 941 1230 est,
982 1170 1123 1240 quod
1157 1187 1372 1222 manum
1407 1170 1660 1223 medicam
1695 1170 1798 1224 im-

483 1254 664 1327 plorat,
704 1267 754 1307 et
782 1255 1000 1327 peritam
1026 1253 1253 1325 quidem.
1317 1255 1457 1327 Qd
1495 1256 1638 1309 enim
1667 1256 1796 1311 illud

481 1340 707 1401 monstri,
728 1338 963 1409 τεμενικέἓ
991 1338 1315 1391 Emendabat
1331 1339 1574 1391 AEmilius
1593 1341 1798 1404 Portus,

481 1424 559 1477 vir
584 1425 638 1478 in
663 1424 800 1477 hisce
821 1424 979 1476 literis
1006 1442 1109 1474 non
1138 1423 1421 1476 admodum
1446 1423 1606 1478 felix:

921 1518 1148 1591 ἀὲελτερῖε
1170 1510 1216 1570 τέ
1243 1520 1431 1590 μανικέ.

476 1626 642 1698 Atqui
667 1626 795 1678 illud
816 1616 861 1677 τὶ
888 1626 1036 1697 plane
1057 1627 1415 1698 importunum
1441 1626 1527 1680 est.
1583 1628 1791 1682 Deinde

475 1711 525 1762 τὶ
549 1710 720 1780 pawn}
753 1709 852 1762 hoc
880 1712 1211 1764 incommodo
1247 1713 1461 1773 laborat,
1499 1712 1637 1783 quod
1674 1715 1789 1784 pri-

475 1813 620 1847 mam
639 1797 837 1866 semper
863 1797 1123 1868 corripiat.
1181 1797 1304 1868 Q
1323 1799 1473 1868 paeto
1495 1796 1789 1867 Pyrrichius

475 1881 569 1933 erit
595 1881 647 1931 in
675 1880 854 1951 quinta
880 1880 1005 1942 sede,
1045 1900 1202 1951 quem
1234 1895 1460 1934 metrum
1494 1882 1787 1937 Iambicum

474 1967 778 2037 aspernatur.
841 1966 987 2036 Qd
1021 1966 1224 2018 multa?
1277 1966 1389 2018 Nos
1426 1984 1596 2019 veram
1633 1980 1788 2039 atque

473 2049 896 2121 elegantiffirnam
921 2051 1211 2112 leC'cionem,
1239 2053 1323 2104 vix
1344 2051 1544 2104 literula
1569 2065 1786 2118 mutata,
1859 2060 1866 2077 ¹

471 2134 831 2204 exsculpfimus
854 2155 867 2186 :

537 2218 766 2295 ”Αγκυξοι,
806 2219 990 2288 λὲμςος,
1028 2220 1176 2276 σκεῦος
1199 2219 1235 2278 ’6,
1251 2243 1291 2271 τι
1317 2216 1450 2279 βέλεα
1475 2220 1602 2289 λέγε.

535 2302 873 2374 ὮἩράκλεις,
891 2314 1283 2359 ΑΒΕΛΤΕΡΙΟΥ
1303 2317 1340 2358 Γ
1359 2310 1783 2361 ΕΛΛΗΝΙΚΟΥ.*

546 2402 592 2452 Ο
618 2402 869 2462 Hercules,
909 2405 1030 2473 Qae
1051 2403 1326 2455 Graecorum
1354 2403 1561 2455 amentia
1584 2404 1645 2476 est
1664 2406 1687 2456 l

527 2628 546 2646 ¹*
580 2624 692 2675 Apud
711 2625 802 2664 Dio.
827 2626 1012 2678 Chrysost.
1045 2641 1084 2678 p.
1101 2642 1193 2680 479.
1229 2628 1331 2666 Edit.
1362 2629 1491 2667 Lutet.
1518 2627 1632 2678 1604.
1662 2626 1779 2671 habes
1859 2611 1863 2617 ,

467 2692 707 2727 EAAHNJKA
726 2698 1071 2739 AMAPTHMATA‚
1092 2703 1128 2733 et
1147 2693 1187 2733 in
1208 2705 1243 2732 v.
1266 2693 1487 2745 Πηί-ματικοι
1501 2692 1601 2746 apud
1621 2692 1776 2734 suidam

466 2754 665 2795 ΦΛΥΑΡῙΑ
693 2762 948 2797 EAAHNIKH.

1545 2808 1774 2866 Priorem
