1880 3132
456 206 520 270 vi
722 209 1489 279 PRAEFATIO.

456 341 540 405 do
586 361 719 429 quae
772 358 949 406 antea
1001 343 1304 430 posuerat,
1371 348 1464 411 vel
1520 347 1766 413 ulterius

425 449 873 536 *prosequendo
917 475 1049 538 quae
1100 455 1163 516 in
1207 453 1393 518 dubio
1430 455 1766 544 reliquerat,

454 572 515 621 et
559 556 634 619 de
677 557 895 643 quibus
940 562 1315 648 quaerendum
1353 563 1468 626 effe
1500 587 1769 650 pronun-

454 665 718 728 tiaverat.
797 668 1030 731 Eadem
1080 670 1156 732 de
1203 668 1372 735 causa
1403 671 1631 737 fastum
1661 673 1766 751 est,

455 774 630 859 quod
673 798 1114 863 nonnunquam
1150 779 1484 864 sequiorem
1523 782 1770 846 Autho-

453 905 579 943 rem
615 884 780 961 citat,
833 885 937 947 ubi
980 889 1179 972 potuit
1222 886 1465 951 summae
1504 888 1772 954 authori-

456 993 590 1052 tatis
620 993 980 1078 Scriptorem
1012 995 1285 1081 allegare,
1328 1000 1423 1081 Q
1442 997 1773 1063 Calabrum

455 1121 510 1167 V..
537 1122 596 1183 g.
632 1102 762 1162 vice
791 1104 1070 1166 Homeri.
1148 1107 1319 1190 Opus
1351 1106 1437 1167 ita
1470 1103 1771 1192 digestum

455 1208 798 1287 omittebat,
836 1211 951 1278 visa
974 1210 1210 1274 fortaffe
1241 1213 1521 1276 Editione
1554 1214 1772 1277 Alber—

456 1319 600 1394 tina,
649 1343 782 1405 quae
823 1336 1337 1407 praeoccupaverat
1382 1344 1507 1384 non
1556 1346 1776 1410 paucas

458 1425 583 1514 ejus
615 1426 1172 1507 animadversiones,
1224 1429 1314 1492 vel
1335 1429 1567 1493 fortaffe
1599 1454 1672 1493 ex
1702 1454 1778 1494 eo

458 1536 628 1623 quod
660 1540 721 1599 in
751 1536 928 1600 Suida
965 1536 1068 1600 suo
1119 1539 1172 1599 se
1216 1540 1404 1622 magis
1449 1537 1775 1600 obleetare-

459 1661 602 1722 tur3
654 1669 765 1707 nee
813 1669 947 1708 vero
978 1648 1214 1732 penitus
1247 1669 1323 1707 ex
1357 1646 1634 1710 manibus
1666 1647 1778 1711 ab·

451 1751 734 1841 jiciebat3
807 1755 1033 1817 etenim
1080 1755 1389 1816 recentiori
1434 1778 1616 1817 manu
1669 1757 1780 1818 ite-

460 1887 600 1926 rum
635 1879 815 1949 atque
855 1865 1072 1925 iterum
1118 1862 1210 1924 vel
1246 1862 1574 1948 corrigebat
1603 1864 1778 1948 quic-

461 1995 650 2056 quam
680 1971 772 2034 vel
802 1971 1111 2057 adjiciebat
1139 1998 1156 2048 3
1207 1969 1466 2055 denique
1512 1972 1572 2032 in
1612 1973 1780 2033 Mar-

463 2082 668 2166 ginem
719 2078 884 2142 istius
940 2080 1237 2141 Editionis
1286 2094 1456 2140 notas
1492 2077 1616 2141 suas
1646 2080 1779 2167 jam

464 2204 818 2276 expurgatas
867 2184 1284 2264 transferebat3
1353 2186 1449 2249 sed
1496 2185 1654 2250 hanc
1689 2211 1781 2249 re·-

386 2294 394 2301 ’
463 2298 801 2362 cenfionem
827 2320 996 2384 parce
1019 2313 1076 2358 et
1100 2298 1160 2358 in
1181 2298 1374 2382 primo
1396 2313 1633 2358 tantum
1647 2299 1781 2358 Vo-

464 2408 698 2470 lumine
730 2404 920 2493 (cujus
943 2408 1126 2468 etiam
1161 2428 1378 2490 magna
1411 2427 1539 2489 pars
1574 2400 1780 2466 amiffa

464 2514 569 2600 est)
605 2516 850 2601 peregit.
902 2519 1071 2599 Opus
1106 2514 1287 2598 igitur
1312 2514 1373 2575 in
1399 2510 1619 2574 nostras
1650 2533 1779 2575 ma·-

467 2649 578 2687 nus
611 2624 874 2700 devenit,
919 2623 1138 2708 partim
1172 2620 1317 2682 rude
1354 2635 1412 2682 et
1458 2616 1780 2704 imperfec-

467 2746 624 2809 tum,
661 2735 875 2818 partim
905 2730 1284 2808 redundan83
1317 2728 1431 2790 alia
1454 2729 1620 2789 enim
1644 2748 1782 2787 om-

1639 2855 1784 2896 nmo
