1747 3112
358 224 475 278 IN
569 223 1050 276 SUIDAM.
1254 227 1359 297 269

272 341 328 395 Ὀ
361 335 407 396 δὲ
439 341 550 398 ἰπνὶς
585 343 677 412 ἡμῖν
703 324 1204 411 ἐξαπίνηςχὲλεφάῆινοςῇ
1394 360 1519 399 PAR
1536 360 1560 398 s

58 458 144 510 Ad
172 457 309 511 hunc
337 461 538 512 Comici
574 460 746 511 locum
773 461 932 512 multa
958 460 1250 531 scripserunt
1278 461 1369 512 viri
1409 416 1550 507 aaIvI-ae

56 543 206 613 longe
243 544 580 603 eruditiffimi,
627 545 887 605 Kusterus,
928 544 1361 605 Hemsterhufius,

57 639 110 679 et
147 639 361 699 utroque
393 629 529 698 prior
562 629 830 690 Bentleius,
870 647 1090 699 quorum
1128 628 1230 690 hic,
1269 628 1365 680 illis

57 729 162 764 non
206 713 631 784 improbantibus,
670 731 732 764 ex
782 714 1075 766 auctoritate
1127 713 1366 770 Pollucis,

55 793 171 858 ἷπος,
209 798 478 869 ῃπιςβὲζύαία,
517 798 787 867 legendum
826 798 1036 869 putavit.
1099 798 1257 867 Cujus
1287 812 1366 850 ta·-

54 900 177 935 men
202 883 474 935 rationibus
501 882 790 953 profligatis,
828 902 890 934 eo
929 883 1132 934 tandem
1167 901 1241 934 res
1273 883 1365 934 de-

53 968 209 1020 ducta
245 968 331 1028 est,
372 982 428 1020 ut
465 967 546 1019 Cl.
587 967 799 1019 Miscell.
841 968 1153 1020 Criticorum
1193 970 1367 1020 auctor

55 1053 319 1124 pristinam
353 1050 624 1105 lectionem
664 1053 999 1113 retinendam,
1040 1069 1089 1104 et
1126 1072 1214 1124 per
1251 1053 1365 1106 ἰπνὶν

53 1134 306 1206 ἐλεφαίῦἷινον
330 1139 569 1191 laternam
593 1137 844 1190 eburneam
870 1137 954 1189 hic
981 1137 1362 1208 intelligendam

56 1223 152 1275 effe
192 1223 451 1275 censuerit.
532 1223 603 1274 At
643 1242 758 1275 vero
798 1224 989 1275 laterna
1034 1223 1249 1276 eburnea
1289 1243 1364 1276 res

57 1309 270 1360 ridicula
329 1321 480 1380 atque
543 1309 872 1361 incommoda
934 1309 1212 1360 admodum
1275 1311 1363 1363 est.

59 1393 318 1464 Equidem
354 1394 657 1446 crediderim
696 1392 822 1445 nihil
862 1394 996 1461 aliud
1034 1393 1119 1446 hic
1147 1395 1364 1466 intelligi

58 1495 217 1548 quam
246 1479 479 1534 latrinam
506 1477 602 1531 five
622 1478 791 1548 fillam
801 1479 1122 1548 familiarem,
1154 1479 1240 1530 ubi
1267 1481 1364 1532 alvi

57 1580 188 1614 onus
225 1563 544 1634 deponebant
577 1563 813 1615 veteres*
876 1563 1028 1632 Qod
1070 1581 1131 1615 ex
1164 1564 1222 1615 iis
1255 1582 1367 1641 qu&

57 1649 216 1700 modo
254 1649 534 1720 scripfimus
576 1649 958 1719 quodammodo
998 1649 1175 1718 liquet.
1248 1650 1366 1702 Vox

57 1732 174 1788 ἰπνὸς
218 1734 357 1785 enim
407 1734 732 1805 usurpabatur
785 1735 847 1784 ab
900 1734 1251 1804 Aristophane,
1304 1735 1366 1786 ad

57 1815 254 1893 κοπςῶνα
287 1818 685 1888 significandum.
751 1820 913 1890 Atqui
951 1819 1111 1893 κοπξών
1149 1820 1219 1870 est
1238 1821 1365 1890 filla

39 1901 334 1972 familiaris.
389 1904 543 1972 Qod
572 1905 649 1956 vel
675 1917 812 1976 patet
833 1922 897 1955 ex
918 1903 1230 1955 festiviffimo
1252 1905 1362 1956 loco

45 1986 408 2058 Aristophanis
435 1988 487 2039 in
514 1986 833 2059 Thesmoph.
861 2007 959 2040 ver.
981 2005 1105 2057 490.

203 2107 260 2156 ‘O
284 2099 331 2156 δ’
356 2104 451 2177 ἐίνηρ
478 2104 630 2177 ἓρωτᾷ,
671 2107 754 2158 Ποῖ
776 2105 829 2156 σῖ)
849 2101 1117 2161 κοιηωςιάνεις
1130 2129 1145 2165 3
1182 2104 1303 2162 ’ὁποις

210 2191 398 2264 Στξὸφος
419 2189 472 2258 μ’
497 2190 573 2254 ἔχει
598 2189 664 2250 τὴν
682 2190 848 2260 ηας-ἐρ’,
885 2185 1003 2261 αἶ’νερ,
1042 2186 1221 2260 κ’ῳὸὗνη·

209 2276 277 2330 Ἐς
303 2275 368 2326 τὶν
392 2277 678 2329 ΚΟΠΡΩΝ’
701 2272 746 2328 ἓν
772 2275 950 2347 ἔρχομαι]

118 2518 140 2537 ⁸*
163 2515 282 2553 Varro
294 2512 340 2550 de
353 2513 409 2551 Re
428 2513 529 2550 Rust.
580 2518 608 2535 “
630 2514 672 2551 In
693 2526 738 2551 eo
756 2512 906 2564 quidam
916 2512 1023 2563 ſs’llas
1030 2513 1278 2564 fi1miliaricas
1298 2524 1365 2562 po—

64 2581 202 2618 nunt.”
240 2579 319 2618 Ubi
334 2579 407 2630 Jos.
432 2579 600 2629 Scaliger
618 2594 654 2630 p.
679 2582 761 2629 198.
803 2580 1182 2630 Sellasfamiliaricas,
1202 2582 1261 2618 τές
1280 2582 1362 2625 ὠφε-

63 2644 190 2699 ἒξῶυας·
223 2654 261 2682 et
276 2643 384 2694 stellas
405 2644 632 2695 fimpliciter.
683 2645 822 2682 Confer
851 2644 991 2683 Kuster.
1024 2645 1071 2681 ad
1102 2643 1204 2681 Suid.
1237 2656 1273 2679 v.
1291 2641 1365 2690 Ἀφ’

65 2709 164 2760 ἔὲρῶι,
195 2719 229 2748 et
249 2708 472 2759 Hesychium
492 2723 529 2746 v.
547 2711 708 2748 Λάσανα..

1282 2769 1369 2820 Vir
