1880 3132
341 348 485 388 PARS

341 405 482 494 ἐς,

530 231 599 286 70
757 215 1596 281 EMENDATIONES
1838 0 1880 308 i

1066 341 1132 392 Ut
1159 342 1266 412 igne
1291 355 1450 395 autem

640 417 850 491 Tegebat
869 426 1075 495 puellam
1096 427 1220 479 laena
1240 429 1445 500 stmplex
1463 431 1685 501 expatgfh.

525 535 606 587 Sic
627 538 762 606 vestis
779 540 918 608 ignea
939 543 1068 612 apud
1091 547 1348 596 au&orem
1374 545 1629 616 pervigilii
1656 546 1825 597 Vene-

519 620 583 670 ris
612 640 707 672 ver.
739 639 765 671 2
776 641 822 691 5.

598 730 726 780 Cras
751 729 970 782 ruborem
991 733 1076 802 qui
1080 733 1282 801 jacebat
1309 735 1430 806 veste
1454 738 1607 787 tec‘Jus
1627 735 1783 806 {gneu-

521 843 627 894 Ubi
656 862 801 914 agere
826 846 1023 900 videtur
1049 849 1110 901 de
1130 850 1252 902 flore
1275 853 1408 904 rosae.
1462 853 1558 904 Sed
1584 851 1670 903 hic
1697 851 1824 903 illud

519 928 631 1003 πυρὶ
661 928 760 980 hoc
801 929 1087 985 infortunio
1128 937 1394 1005 premitur,
1432 937 1567 1008 quod
1601 937 1858 1007 primam,

517 1015 713 1083 semper
751 1015 1004 1085 corripiat.
1077 1018 1231 1087 Qod
1268 1033 1446 1072 contra
1479 1032 1701 1072 metrum
1735 1019 1824 1072 est.

517 1095 630 1147 Nos
660 1109 830 1149 autem
857 1116 1025 1151 veram
1059 1101 1328 1154 lee‘tionem
1356 1105 1785 1174 excogitavimus:

1122 1208 1217 1262 Οἷα
1243 1212 1300 1262 Δ’
1326 1211 1422 1263 ΕΠ·
1446 1211 1597 1263 ΗΡΙθῐε

958 1323 1029 1334 -
1049 1294 1189 1347 Velut
1215 1314 1363 1350 verno
1390 1309 1607 1368 tempore.

518 1405 725 1479 Nempe
751 1411 936 1481 puella,
968 1412 1077 1481 jam
1103 1413 1317 1483 spirante
1350 1413 1592 1475 Favoni0,
1632 1412 1821 1466 vestem
1866 1456 1873 1477 „

517 1494 801 1546 tenuiorem
820 1514 907 1564 pro
927 1515 1068 1548 more
1085 1497 1361 1569 induerat.†
1415 1499 1460 1549 E
1484 1490 1658 1550 contra
1675 1497 1821 1550 Rhe-
1860 1493 1866 1500 ⁶

516 1575 595 1629 sus
633 1580 765 1650 apud
804 1581 1122 1653 Euripidem,
1160 1594 1338 1655 utpote
1364 1583 1502 1652 Jovis
1529 1582 1704 1654 frigidi
1727 1600 1819 1654 pa·
1864 1619 1880 1637 .-

568 1812 588 1831 *
620 1807 862 1847 Miscellanea
889 1809 1088 1862 Lipfienfia
1115 1811 1216 1849 Nov.
1243 1810 1359 1848 Tom.
1381 1810 1431 1848 ix.
1462 1823 1500 1861 p.
1521 1809 1612 1860 691.
1636 1808 1813 1847 emenda-

514 1872 655 1911 tionem
670 1873 934 1912 Salmafianam
947 1876 1128 1926 probant;
1152 1885 1189 1913 at
1203 1876 1332 1913 reffius
1347 1876 1408 1914 Cl.
1426 1874 1567 1919 Brunk‚
1583 1874 1645 1926 qui
1660 1876 1815 1913 nostram

513 1937 623 1975 valde
643 1938 857 1977 confirmat:
880 1939 977 1977 Vide
997 1940 1166 1978 Analeft.
1185 1940 1301 1977 Tom.
1324 1940 1378 1977 iii.
1400 1954 1439 1990 p.
1460 1953 1549 1989 240.
1572 1939 1635 1977 ubi
1651 1938 1698 1976 ad
1719 1939 1817 1977 hunc

512 2003 636 2045 locum
661 2003 719 2042 vir
742 2003 986 2043 dofflffimus:
1016 2010 1044 2026 “
1069 2005 1245 2043 Salmafio
1270 2005 1307 2043 in
1335 2014 1498 2042 mentem
1525 2014 1679 2042 venerat
1704 2004 1759 2042 οἷα
1785 2003 1815 2042 δὲ

513 2073 542 2088 “
565 2069 705 2120 πύργος,
735 2068 834 2119 quod
859 2069 991 2108 merito
1016 2069 1182 2121 explodit
1206 2069 1370 2107 Dorvill.
1402 2069 1449 2106 ad
1480 2068 1625 2106 Charit.
1656 2082 1699 2120 p.
1724 2082 1812 2107 101.
1867 2079 1878 2086 ⁴*

514 2137 542 2153 “
566 2132 653 2170 licet
674 2146 747 2171 non
771 2135 888 2172 multo
916 2134 1046 2172 melius
1074 2134 1130 2178 fit,
1161 2134 1258 2185 quod
1279 2134 1350 2184 ipse
1368 2133 1507 2177 suadet,
1538 2133 1638 2185 πέρα.
1684 2134 1729 2171 In
1749 2145 1814 2171 ve·

514 2202 543 2217 “
567 2198 636 2235 teri
655 2197 783 2235 codice
803 2197 975 2248 scriptum
996 2209 1090 2242 erat,
1120 2211 1187 2248 pro
1207 2212 1251 2236 eo
1277 2199 1338 2249 qui
1359 2198 1449 2236 olim
1475 2198 1671 2235 obtinebat
1694 2210 1814 2242 more,

512 2267 541 2282 ‘¹
563 2262 775 2300 indistinctis
800 2264 952 2302 vocibus
979 2272 1241 2307 ΟΙΑΔΕΠΗΡΙ,
1275 2263 1370 2300 unde
1399 2263 1591 2301 Librarius
1621 2263 1814 2314 imperitus

511 2332 539 2347 ‘¹
564 2327 652 2364 fecit
667 2328 722 2365 οἷα
741 2328 771 2365 δὲ
792 2328 883 2380 magi,
913 2337 943 2366 H
960 2329 996 2366 in
1015 2336 1041 2366 ’Υ
1062 2338 1219 2371 mutato,
1251 2328 1348 2378 quod
1370 2328 1504 2365 millies
1525 2328 1675 2365 faetum.
1719 2327 1811 2365 Haec

503 2396 532 2414 “
555 2392 772 2442 corruptela:
801 2393 907 2443 origo
935 2392 1164 2444 probabilior
1192 2392 1239 2429 est
1269 2392 1430 2430 Piersoni
1458 2392 1663 2443 hypothesi,
1694 2405 1805 2443 quem

505 2461 536 2477 “
558 2455 642 2492 vide
662 2456 710 2493 ad
731 2457 885 2494 Moerin.
908 2471 945 2507 p.
972 2458 1068 2506 87.’'

562 2527 586 2567 †
619 2521 823 2571 Xenophon
846 2522 918 2559 Gr.
937 2521 1029 2558 Hist.
1055 2535 1091 2572 p.
1114 2521 1203 2572 526.
1225 2521 1326 2559 Edit.
1349 2521 1556 2559 Francfort.
1583 2521 1696 2573 1596.
1741 2522 1810 2559 Καὶ

506 2583 747 2625 αἶιάςεςῆκεσαν
766 2587 795 2623 δὲ
817 2587 957 2636 ἔχοντες,
987 2595 1062 2624 ΟΙΑ
1084 2595 1144 2623 ΔΗ
1163 2594 1350 2629 (ammiti,
1380 2590 1579 2638 σπειρῖα.-
1590 2587 1637 2624 Et
1657 2588 1816 2637 Longus
1875 2582 1880 2592 Ι

505 2662 542 2699 p.
562 2662 581 2686 2
588 2664 625 2701 ς.
651 2649 754 2687 Edit.
772 2651 825 2688 D’
844 2651 954 2688 Anffe
974 2650 1019 2687 de
1038 2650 1215 2688 Villoison
1233 2665 1240 2687 :
1271 2650 1309 2691 ‘o
1328 2650 1357 2689 δὲ
1374 2652 1497 2701 Δάφνις
1606 2658 1809 2690 ΗΜΙΠΜ-

505 2721 592 2754 Nox
608 2712 647 2757 ὅς
668 2714 713 2754 ἴτι
729 2718 785 2758 τῆς
805 2714 882 2768 ὅροις
902 2715 996 2757 οὔσης
1015 2716 1199 2765 καύματος.

1662 2779 1809 2839 tienS,
1874 2828 1880 2836 ,
