1880 3132
303 295 448 336 PARS

310 350 453 439 „L-

500 165 597 216 162
724 163 1562 218 EMENDATIONES

488 280 689 332 Deinde
706 295 929 334 metrum
948 300 1169 353 quoque,
1189 293 1244 332 ut
1260 281 1380 337 dlx!
1392 280 1601 332 laborat.
1637 276 1792 349 Qd

487 366 697 435 quidem
738 367 922 435 partim
962 367 1084 417 vidit
1122 366 1380 420 Kusterus,
1423 364 1503 414 sed
1540 363 1824 446 medelam¹

488 456 589 489 non
620 439 760 489 vidit.
817 439 1122 490 Emendatio
1150 439 1289 490 enim
1318 450 1527 506 utraque
1554 455 1647 488 vm
1669 438 1792 487 doc-

488 521 659 572 tiflimi
681 523 834 572 etiam
856 521 955 572 hoc
978 522 1331 573 incommodi
1319 540 1370 572 m
1389 519 1434 571 se
1454 520 1625 580 habet,
1654 517 1791 588 quod

485 606 819 675 anapaestum
808 623 857 655 in
877 605 1145 656 secundam
1162 605 1326 656 sedem
1346 603 1610 655 admiserit.
1638 603 1793 668 Qod

486 688 723 758 respuunt
736 689 957 757 Tragici.
1003 689 1219 740 Fortasse
1240 707 1341 739 non
1360 688 1534 746 deerit,
1553 700 1610 738 ut
1629 688 1795 739 diver-

486 772 532 822 sa
553 773 663 823 sunt
684 772 862 823 homin
873 791 957 823 um
972 773 1179 843 judicia,
1201 773 1288 842 qui
1305 790 1415 823 rem
1431 772 1500 824 ita
1520 770 1795 824 conficien·
1867 792 1869 794 ·

486 855 605 907 dam
631 858 908 927 putaverit:

635 964 722 1018 Τὶς
746 961 1078 1039 προσλοιζέοὲτω
1101 963 1205 1033 χειρὶ
1234 960 1452 1029 φασγάνε
1476 960 1635 1023 >maffia

491 1082 586 1134 Sed
607 1081 730 1132 illud
748 1081 1041 1132 encliticum
1062 1079 1125 1133 τὶς
1144 1080 1196 1130 in
1217 1080 1361 1131 initio
1377 1081 1539 1132 versus
1561 1080 1678 1132 ferri
1696 1099 1799 1132 non

492 1165 673 1239 potest.
736 1165 910 1234 Qare
947 1163 1076 1215 nihil
1105 1164 1216 1233 jam
1247 1164 1411 1230 restat,
1452 1166 1541 1216 nisi
1576 1179 1632 1217 ut
1658 1175 1800 1217 more

494 1251 809 1309 Atticorum,
852 1248 1035 1320 quibus
1062 1248 1341 1299 istiusmodi
1367 1250 1535 1300 tmefis
1560 1248 1696 1301 haud
1722 1250 1802 1302 in-

492 1334 730 1405 frequens
749 1333 872 1393 est,*
900 1333 1116 1384 verbum
1135 1332 1260 1384 illud
1276 1330 1604 1407 πξοσ-λοιςὲιθω
1620 1334 1804 1385 discin-

489 1420 686 1475 damus,
725 1430 775 1469 et
801 1417 1049 1468 senarium
1075 1417 1146 1467 ita
1173 1417 1374 1467 tandem
1402 1416 1762 1469 constituamus
1785 1436 1800 1468 ε

644 1522 752 1594 Πρός
772 1545 835 1577 τις
860 1519 1069 1573 λοιςὲιθω
1089 1522 1195 1597 χετξῖ
1223 1520 1442 1589 §Doto-‘yolus
1470 1520 1632 1581 λοιςῆς.

496 1640 651 1710 Qod
674 1657 849 1691 verum
876 1638 962 1690 est.
1024 1639 1276 1690 Caeterum
1305 1657 1443 1710 paene
1479 1639 1663 1690 oblitus
1695 1639 1806 1692 sum
1862 1647 1867 1653 ”

498 1725 709 1778 monere
737 1724 1026 1794 legendum,
1066 1723 1311 1779 Ἐλελελεῧ,
1349 1721 1685 1794 τεῖωῑγῌεὼῶς
1710 1725 1806 1776 sci-

498 1811 639 1862 licet.
703 1809 982 1881 Qomodo
1015 1811 1147 1860 κᾶε
1173 1808 1357 1878 legitur
1388 1809 1521 1878 apud
1547 1808 1805 1880 Aristoph.

498 1896 592 1945 Av.
623 1914 665 1946 v.
689 1896 806 1964 363.
869 1894 1018 1962 cujus
1047 1892 1375 1944 Scholiastam
1403 1892 1489 1944 hic
1512 1894 1810 1965 compilavit

498 1979 692 2029 SuidaS.

573 2083 819 2140 Ἐλελελεῧ,
844 2082 984 2154 χωρεῖ,
1000 2080 1151 2138 κάθες
1170 2081 1216 2132 τὶ
1236 2081 1405 2154 ῥύγχος·
1432 2082 1461 2132 ὲ
1477 2082 1659 2151 μέλλε-ιν
1676 2081 1811 2158 ἒχξῆν.

501 2203 580 2254 Ita
600 2202 922 2254 scribendum
943 2221 1002 2253 ex
1023 2202 1133 2271 lege
1151 2201 1318 2253 metri.
1375 2201 1558 2252 Versus
1581 2201 1719 2253 enim
1742 2201 1810 2253 est

499 2286 784 2338 trochaicus
812 2298 1105 2338 tetrameter
1136 2284 1472 2336 catalecticus.
1527 2284 1694 2336 Locus
1721 2304 1811 2336 au·-

499 2382 610 2422 tem
627 2369 803 2421 Achaei
825 2372 893 2422 ita
914 2371 1198 2422 scribendus
1221 2380 1270 2420 et
1291 2369 1695 2439 interpretandus
1715 2368 1809 2420 est:

561 2620 582 2643 ⁹
616 2615 676 2655 Sic
695 2617 801 2656 Plato
820 2615 858 2654 in
880 2614 1054 2655 Phaedro:
1086 2615 1158 2665 Ξῦμ
1175 2632 1231 2666 μοι
1249 2614 1377 2655 λάςεοθε
1395 2619 1439 2654 τῖ’
1456 2614 1560 2665 μύθυ.
1695 2670 1705 2694 1

1683 2678 1815 2746 ‘sspd
